<?xml version="1.0" encoding="UTF-8"?><collection xmlns="http://www.loc.gov/MARC21/slim"><record><leader>00471nam--2200193-i-4500</leader><controlfield tag="001">000021002</controlfield><controlfield tag="002">20161230</controlfield><controlfield tag="005">20161230201034</controlfield><controlfield tag="008">060222s1000------------r-----000-0-rum-d</controlfield><datafield ind1=" " ind2=" " tag="040"><subfield code="a">IFIN-HH</subfield></datafield><datafield ind1=" " ind2=" " tag="041"><subfield code="a">rum</subfield></datafield><datafield ind1=" " ind2=" " tag="080"><subfield code="a">53(023)</subfield></datafield><datafield ind1="1" ind2=" " tag="100"><subfield code="a">Folescu, G</subfield></datafield><datafield ind1="1" ind2="0" tag="245"><subfield code="a">Din enigmele microcosmosului</subfield><subfield code="c">G. folescu</subfield></datafield><datafield ind1=" " ind2=" " tag="260"><subfield code="a">Bucuresti</subfield><subfield code="b">Editura Albatros</subfield><subfield code="c">1986</subfield></datafield><datafield ind1=" " ind2=" " tag="300"><subfield code="a">327 P</subfield></datafield><datafield ind1=" " ind2=" " tag="490"><subfield code="a">Colectia Cristal</subfield></datafield><datafield ind1=" " ind2=" " tag="852"><subfield code="a">73204</subfield><subfield code="c">523</subfield></datafield><datafield ind1=" " ind2=" " tag="CAT"><subfield code="a">Sys</subfield><subfield code="c">20141208</subfield><subfield code="h">130014</subfield></datafield></record></collection>